<?xml version='1.0' encoding='UTF-8'?>
<record xmlns="http://www.loc.gov/MARC21/slim">
  <leader>01288cam a2200301 a 4500</leader>
  <controlfield tag="001">501262</controlfield>
  <controlfield tag="003">NjP</controlfield>
  <controlfield tag="005">20180808123807.0</controlfield>
  <controlfield tag="008">890323m19889999ir       b    00110 ara d</controlfield>
  <datafield tag="024" ind1="7" ind2=" ">
    <subfield code="a">princeton_aco002672</subfield>
    <subfield code="2">local</subfield>
  </datafield>
  <datafield ind1=" " ind2=" " tag="035">
    <subfield code="a">(OCoLC)25606521</subfield>
  </datafield>
  <datafield ind1=" " ind2=" " tag="035">
    <subfield code="a">(CStRLIN)NJPG89-B14498</subfield>
  </datafield>
  <datafield ind1=" " ind2=" " tag="035">
    <subfield code="9">ACH7039TS</subfield>
  </datafield>
  <datafield ind1=" " ind2=" " tag="040">
    <subfield code="a">NjP</subfield>
    <subfield code="c">NjP</subfield>
  </datafield>
  <datafield ind1="1" ind2=" " tag="100">
    <subfield code="a">Maʻrifat, Muḥammad Hādī.</subfield>
  </datafield>
  <datafield ind1="1" ind2="3" tag="245">
    <subfield code="a">al-Tamhīd :</subfield>
    <subfield code="b">dirāsāt mubassaṭah ʻan mukhtalif shuʼūn al-Qurʼān al-karīm ʻurifat bi-ism "ʻulūm al-Qurʼān" /</subfield>
    <subfield code="c">taʼlīf Muḥammad Hādī Maʻrifah.</subfield>
  </datafield>
  <datafield ind1=" " ind2=" " tag="250">
    <subfield code="a">al-Ṭabʻah 2. munaqqaḥah.</subfield>
  </datafield>
  <datafield ind1=" " ind2=" " tag="260">
    <subfield code="a">Qum :</subfield>
    <subfield code="b">[s.n.],</subfield>
    <subfield code="c">1409- [1988- ]</subfield>
    <subfield code="e">(Qum :</subfield>
    <subfield code="f">Maṭbaʻat Mihr).</subfield>
  </datafield>
  <datafield ind1=" " ind2=" " tag="300">
    <subfield code="a">v. ;</subfield>
    <subfield code="c">25 cm.</subfield>
  </datafield>
  <datafield ind1="1" ind2=" " tag="490">
    <subfield code="a">Markaz-i Mudīrīyat-i Ḥawzah-i Ilmīyah-i Qum</subfield>
  </datafield>
  <datafield ind1=" " ind2=" " tag="500">
    <subfield code="a">Vol. 4 published by: Qum : Muʼassasat al-Nashr al-Islāmī.</subfield>
  </datafield>
  <datafield ind1=" " ind2=" " tag="500">
    <subfield code="a">Includes indexes.</subfield>
  </datafield>
  <datafield ind1=" " ind2=" " tag="504">
    <subfield code="a">Includes bibliographical references.</subfield>
  </datafield>
  <datafield ind1=" " ind2=" " tag="500">
    <subfield code="a">Cover title: al-Tamhīd fī ʻulūm al-Qurʼān.</subfield>
  </datafield>
  <datafield ind1="0" ind2="0" tag="630">
    <subfield code="a">Qurʼan.</subfield>
    <subfield code="0">http://id.loc.gov/authorities/subjects/sh85072953</subfield>
  </datafield>
  <datafield ind1="0" ind2=" " tag="740">
    <subfield code="a">Tamhīd fī ʻulūm al-Qurʼān.</subfield>
  </datafield>
  <datafield ind1=" " ind2="0" tag="830">
    <subfield code="a">Markaz-i Mudīrīyat-i Ḥawzah-i Ilmīyah-i Qum (Series).</subfield>
  </datafield>
  <datafield ind1=" " ind2=" " tag="998">
    <subfield code="a">12/17/92</subfield>
    <subfield code="s">9118</subfield>
    <subfield code="n">NjP</subfield>
    <subfield code="w">NJPG89B14498</subfield>
    <subfield code="d">03/23/89</subfield>
    <subfield code="c">JAB</subfield>
    <subfield code="b">JEB</subfield>
    <subfield code="i">921217</subfield>
    <subfield code="l">NJPG</subfield>
  </datafield>
  <datafield ind1=" " ind2=" " tag="911">
    <subfield code="a">19921229</subfield>
  </datafield>
  <datafield ind1=" " ind2=" " tag="912">
    <subfield code="a">19921217000000.0</subfield>
  </datafield>
  <datafield ind1="0" ind2="1" tag="852">
    <subfield code="0">545261</subfield>
    <subfield code="b">rcppa</subfield>
    <subfield code="t">1</subfield>
    <subfield code="h">BP130</subfield>
    <subfield code="i">.M38 1988</subfield>
    <subfield code="x">tr fr arab</subfield>
  </datafield>
  <datafield ind1=" " ind2="0" tag="866">
    <subfield code="0">545261</subfield>
    <subfield code="8">0</subfield>
    <subfield code="a">juzʾ 3-4</subfield>
  </datafield>
  <datafield ind1=" " ind2=" " tag="959">
    <subfield code="a">2000-06-13 00:00:00 -0500</subfield>
  </datafield>
</record>
